@article{test,
  title={Cyclosporin A initially as the only immunosuppressant in 34 recipients of cadaveric organs: 32 kidneys, 2 pancreases, and 2 livers},
  author={Calne, RY and Rolles, K and Thiru, S and McMaster, P and Craddock, GN and Aziz, S and White, DJG and Evans, DB and Dunn, DC and Henderson, RG and others},
  journal={The Lancet},
  volume={314},
  number={8151},
  pages={1033--1036},
  year={1979},
  publisher={Elsevier}
}
